@inproceedings{DBLP:journals/corr/abs-1301-3781,
  author       = {Tom{\'{a}}s Mikolov and
                  Kai Chen and
                  Greg Corrado and
                  Jeffrey Dean},
  editor       = {Yoshua Bengio and
                  Yann LeCun},
  title        = {Efficient Estimation of Word Representations in Vector Space},
  booktitle    = {1st International Conference on Learning Representations, {ICLR} 2013,
                  Scottsdale, Arizona, USA, May 2--4, 2013, Workshop Track Proceedings},
  year         = {2013},
  url          = {http://arxiv.org/abs/1301.3781},
}

@inproceedings{DBLP:conf/nips/MikolovSCCD13,
  author       = {Tom{\'{a}}s Mikolov and
                  Ilya Sutskever and
                  Kai Chen and
                  Gregory S. Corrado and
                  Jeffrey Dean},
  editor       = {Christopher J. C. Burges and
                  L{\'{e}}on Bottou and
                  Zoubin Ghahramani and
                  Kilian Q. Weinberger},
  title        = {Distributed Representations of Words and Phrases and their Compositionality},
  booktitle    = {Advances in Neural Information Processing Systems 26: 27th Annual Conference on Neural Information Processing Systems 2013. Proceedings of a meeting held December 5--8, 2013, Lake Tahoe, Nevada, United States},
  pages        = {3111--3119},
  year         = {2013},
  url          = {https://proceedings.neurips.cc/paper/2013/hash/9aa42b31882ec039965f3c4923ce901b-Abstract.html},
}

@inproceedings{fares-etal-2017-word,
    title = "Word vectors, reuse, and replicability: Towards a community repository of large-text resources",
    author = "Fares, Murhaf  and
      Kutuzov, Andrey  and
      Oepen, Stephan  and
      Velldal, Erik",
    editor = {Tiedemann, J{\"o}rg  and
      Tahmasebi, Nina},
    booktitle = "Proceedings of the 21st Nordic Conference on Computational Linguistics",
    month = may,
    year = "2017",
    address = "Gothenburg, Sweden",
    publisher = "Association for Computational Linguistics",
    url = "https://aclanthology.org/W17-0237",
    pages = "271--276",
}

@article{levy2015improving,
  title={Improving distributional similarity with lessons learned from word embeddings},
  author={Levy, Omer and Goldberg, Yoav and Dagan, Ido},
  journal={Transactions of the association for computational linguistics},
  volume={3},
  pages={211--225},
  year={2015},
  publisher={MIT Press One Rogers Street, Cambridge, MA 02142-1209, USA journals-info~â€¦}
}

@article{levy2014neural,
  title={Neural word embedding as implicit matrix factorization},
  author={Levy, Omer and Goldberg, Yoav},
  journal={Advances in neural information processing systems},
  volume={27},
  year={2014}
}

@misc{jurafsky2000speech,
  title={Speech and language processing},
  author={Jurafsky, Daniel},
  year={2000},
  publisher={Prentice-Hall}
}

@article{bentley1975multidimensional,
  title={Multidimensional binary search trees used for associative searching},
  author={Bentley, Jon Louis},
  journal={Communications of the ACM},
  volume={18},
  number={9},
  pages={509--517},
  year={1975},
  publisher={ACM New York, NY, USA}
}

@article{friedman1977algorithm,
  title={An algorithm for finding best matches in logarithmic expected time},
  author={Friedman, Jerome H. and Bentley, Jon Louis and Finkel, Raphael Ari},
  journal={ACM Transactions on Mathematical Software (TOMS)},
  volume={3},
  number={3},
  pages={209--226},
  year={1977},
  publisher={ACM New York, NY, USA}
}

@article{scikit-learn,
 title={Scikit-learn: Machine Learning in {P}ython},
 author={Pedregosa, F. and Varoquaux, G. and Gramfort, A. and Michel, V.
         and Thirion, B. and Grisel, O. and Blondel, M. and Prettenhofer, P.
         and Weiss, R. and Dubourg, V. and Vanderplas, J. and Passos, A. and
         Cournapeau, D. and Brucher, M. and Perrot, M. and Duchesnay, E.},
 journal={Journal of Machine Learning Research},
 volume={12},
 pages={2825--2830},
 year={2011}
}

@article{Freimer1961AdaptiveCP,
  title={Adaptive Control Processes: A Guided Tour},
  author={Richard Bellman},
  journal={The Mathematical Gazette},
  year={1961},
  volume={46},
  pages={160--161},
}

@article{indyk2004nearest,
  title={Nearest neighbors in high-dimensional spaces},
  author={Indyk, Piotr},
  journal={Handbook of discrete and computational geometry},
  year={2004},
  publisher={Chapman \& Hall/CRC}
}

@article{andoni2008near,
  title={Near-optimal hashing algorithms for approximate nearest neighbor in high dimensions},
  author={Andoni, Alexandr and Indyk, Piotr},
  journal={Communications of the ACM},
  volume={51},
  number={1},
  pages={117--122},
  year={2008},
  publisher={ACM New York, NY, USA}
}

@misc{word2vec_source,
  author       = {Google},
  title        = {Word2vec Code Archive},
  year         = {2013},
  howpublished = {\url{https://code.google.com/archive/p/word2vec/}},
  note         = {Accessed: 2024-11-20}
}

@article{behnel2011cython,
  title={Cython: The best of both worlds},
  author={Behnel, Stefan and Bradshaw, Robert and Citro, Craig and Dalcin, Lisandro and Seljebotn, Dag Sverre and Smith, Kurt},
  journal={Computing in Science \& Engineering},
  volume={13},
  number={2},
  pages={31--39},
  year={2011},
  publisher={IEEE}
}

@article{van2008visualizing,
  title={Visualizing data using t-SNE.},
  author={Van der Maaten, Laurens and Hinton, Geoffrey},
  journal={Journal of machine learning research},
  volume={9},
  number={11},
  year={2008}
}
